[gd_scene load_steps=11 format=2]

[ext_resource path="res://assets/image/food/particle.png" type="Texture" id=1]
[ext_resource path="res://shader/bg_tile.shader" type="Shader" id=2]
[ext_resource path="res://assets/image/board/plate/bg_mask_tile.png" type="Texture" id=3]
[ext_resource path="res://shader/bg_base.shader" type="Shader" id=4]
[ext_resource path="res://assets/image/board/plate/bg_base.png" type="Texture" id=5]
[ext_resource path="res://script/Plate.gd" type="Script" id=6]
[ext_resource path="res://shader/bg_shadow.shader" type="Shader" id=7]

[sub_resource type="ShaderMaterial" id=1]
shader = ExtResource( 4 )
shader_param/origin = Vector2( 0.5, 0.5 )
shader_param/wave_color = Color( 1, 1, 1, 1 )
shader_param/radius = 0.0
shader_param/active = false

[sub_resource type="ShaderMaterial" id=2]
shader = ExtResource( 2 )

[sub_resource type="ShaderMaterial" id=3]
shader = ExtResource( 7 )

[node name="Plate" type="Node2D"]
script = ExtResource( 6 )

[node name="Base" type="Sprite" parent="."]
material = SubResource( 1 )
scale = Vector2( 26, 26 )
texture = ExtResource( 5 )
centered = false

[node name="Mask" type="Sprite" parent="."]
modulate = Color( 0.168627, 0.184314, 0.211765, 1 )
material = SubResource( 2 )
scale = Vector2( 13, 13 )
texture = ExtResource( 3 )
centered = false

[node name="Shadow" type="Sprite" parent="."]
material = SubResource( 3 )
scale = Vector2( 156, 104 )
texture = ExtResource( 1 )
centered = false
